@book{muncaster, 
    place={Oxford}, 
    title={A-level physics},
    edition={4th Edition},
    publisher={Oxford University Press},
    author={Muncaster, Roger}, 
    isbn={978-0-7487-1584-8},
    year={1993}
}

@article{boutin2002climbing,
  title={Climbing out of the nuclear valley},
  author={Boutin, C},
  journal={CERN Cour.},
  volume={42},
  pages={15--17},
  year={2002}
}

@misc{macintosh2001m,
  title={und M.-T. Pena: NUCLEUS--A Trip into the Heart of Matter},
  author={Macintosh, R and Al-Khalili, J and Jonson, B},
  year={2001},
  publisher={Canopus Publishing Company Limited, Bath (UK)}
}

@book{jaschek1990classification,
  title={The classification of stars},
  author={Jaschek, Carlos and Jaschek, Mercedes},
  year={1990},
  publisher={Cambridge university press}
}

@article{hoyle1955evolution,
  title={On the Evolution of Type II Stars.},
  author={Hoyle, Fred and Schwarzschild, Martin},
  journal={The astrophysical journal supplement series},
  volume={2},
  pages={1},
  year={1955}
}


