@article{stuchly1982equivalent,
  title={Equivalent circuit of an open-ended coaxial line in a lossy dielectric},
  author={Stuchly, Maria A and Brady, Michael M and Stuchly, Stanislaw S and Gajda, Gregory},
  journal={IEEE Transactions on instrumentation and Measurement},
  number={2},
  pages={116--119},
  year={1982},
  publisher={IEEE}
}

@inproceedings{marsland1987dielectric,
  title={Dielectric measurements with an open-ended coaxial probe},
  author={Marsland, TP and Evans, S},
  booktitle={IEE Proceedings H (Microwaves, Antennas and Propagation)},
  volume={134},
  number={4},
  pages={341--349},
  year={1987},
  organization={IET}
}

@incollection{liao2011accurate,
  title={An accurate equivalent circuit method of open ended coaxial probe for measuring the permittivity of materials},
  author={Liao, Kun-ming and Wu, Yi-qiang and Qian, Chen and Du, Guo-ping},
  booktitle={Electrical Power Systems and Computers},
  pages={779--784},
  year={2011},
  publisher={Springer}
}

@article{zajivcek2006evaluation,
  title={Evaluation of a reflection method on an open-ended coaxial line and its use in dielectric measurements},
  author={Zaj{\'\i}{\v{c}}ek, R and Vrba, J and Novotn{\`y}, K},
  journal={Acta Polytechnica},
  volume={46},
  number={5},
  year={2006}
}