@article{monteiro2020experimental,
  title={Experimental analysis of a compound pendulum with variable suspension point},
  author={Monteiro, Mart{\'\i}n and Stari, Cecilia and Cabeza, Cecilia and Mart{\'\i}, Arturo C},
  journal={Physics Education},
  volume={55},
  number={2},
  pages={023004},
  year={2020},
  publisher={IOP Publishing}
}

@article{pedersen1977compound,
  title={The compound pendulum in intermediate laboratories and demonstrations},
  author={Pedersen, Niels Falsig and Soerensen, O Hoffmann},
  journal={American Journal of Physics},
  volume={45},
  number={10},
  pages={994--998},
  year={1977},
  publisher={American Association of Physics Teachers}
}

@article{hinrichsen1981practical,
  title={Practical applications of the compound pendulum},
  author={Hinrichsen, Peter F},
  journal={The Physics Teacher},
  volume={19},
  number={5},
  pages={286--292},
  year={1981},
  publisher={American Association of Physics Teachers}
}

@article{chaos,
  author={Shinbrot,Troy  and Grebogi,Celso  and Wisdom,Jack  and Yorke,James A. },
  title={Chaos in a double pendulum},
  journal={American Journal of Physics},
  volume={60},
  number={6},
  pages={491-499},
  year={1992},
  doi={10.1119/1.16860},
  URL={https://doi.org/10.1119/1.16860},
  eprint={https://doi.org/10.1119/1.16860}   
}

@article{art,
  author={Romer,R. H. },
  title={A Double Pendulum “Art Machine”},
  journal={American Journal of Physics},
  volume={38},
  number={9},
  pages={1116-1121},
  year={1970},
  doi={10.1119/1.1976562},
  URL={https://doi.org/10.1119/1.1976562},
  eprint={https://doi.org/10.1119/1.1976562}
}

@article{harmographics1,
  author={Whitaker,Robert J. },
  title={Harmonographs. I. Pendulum design},
  journal={American Journal of Physics},
  volume={69},
  number={2},
  pages={162-173},
  year={2001},
  doi={10.1119/1.1309521},
  URL={https://doi.org/10.1119/1.1309521},
  eprint={https://doi.org/10.1119/1.1309521}
}

