@article{erickson,
  title = {A {{Thesis Presented}} to {{The Division}} of {{Mathematics}} and {{Natural Sciences Reed College}}},
  author = {Erickson, Wesley W},
  date = {2012}
}

@article{ijazEIT,
  title = {Electromagnetically Induced Transparency},
  author = {Ijaz, Asad},
  langid = {english},
  file = {/home/leefarrugia/Zotero/storage/2K9MP7S5/Ijaz - Electromagnetically induced transparency.pdf}
}
